@article{muth2018,
  title={User-friendly Bayesian regression modeling: A tutorial with rstanarm and shinystan},
  author={Muth, Chelsea and Oravecz, Zita and Gabry, Jonah},
  journal={Quantitative Methods for Psychology},
  volume={14},
  number={2},
  pages={99--119},
  year={2018}
}

@article{narducci2020, 
title={Regeneração natural do sub-bosque em plantios de Taxi-branco (Tachigali vulgaris LF Gomes da Silva & HC Lima) sob diferentes espaçamentos na Amazônia Brasileira},
author = {{Narducci T.S.}, {Yared J.A.G}, {Junior Brienza S.}},
	year = {2020},
	month = {05},
	date = {2020-05-12},
	journal = {Biota Amazônia},
	pages = {16--21},
	volume = {10},
	number = {3},
	doi = {10.18561/2179-5746},
	url = {http://dx.doi.org/10.18561/2179-5746/biotaamazonia.v10n3p16-21},
	langid = {pt}
}

@book{DeAlmeida2016,
  title = {. Recuperação ambiental da Mata  Atlântica},
  author = {De Almeida D.S.}},
  year = {2016},
  month = {},
  series = {},
  publisher = {{Editus}},
  abstract = {},
  isbn = {},
  langid = {portuguese},
  file = {}
}


@article{Amaral2009, 
title={Checklist da flora arbórea de remanescentes florestais da região metropolitana de Belém e valor histórico dos fragmentos, Pará, Brasil},
author = {{Amaral D.D.}, {Vieira I.C.G.}, {Almeida S.S.}, {Salomão R.P.}, {Silva A.S.L.}, {Jardim M.A.G}},
	year = {2009},
	month = {12},
	date = {2009-12-18},
	journal = {Bol. Mus. Para. Emilio Goeldi Cienc. Nat.},
	pages = {16--21},
	volume = {4},
	number = {3},
	doi = {},
	url = {},
	langid = {pt}
}

@article{Budowski1965, 
title={Distribution of tropical American rain forest species in the light of successional processes},
author = {{Budowki G.}},
	year = {1965},
	month = {},
	date = {},
	journal = {Turrialba},
	pages = {40--42},
	volume = {15},
	number = {1},
	doi = {},
	url = {},
	langid = {en}
}

@article{Kuchler1976, 
title={Aims and methods of vegetation ecology},
author = {{Kuchler A.W.}, {Mueller-dombois D.}, {Ellenberg H.}},
	year = {1976},
	month = {01},
	date = {},
	journal = {Geogr Rev},
	pages = {45--66},
	volume = {66},
	number = {1},
	doi = {},
	url = {},
	langid = {en}
}

@dissertation{Macpherson2007, 
title={Following the rules: a bioeconomic policy simulation of a Brazilian forest concession},
author = {{Macpherson A.J}},
	year = {2007},
	month = {},
	date = {},
}

@article{loregian2012, 
title={Padrões espaciais e ecológicos de espécies arbóreas refletem a estrutura em mosaicos de uma floresta subtropical},
author = {{loregian A.C.}, {Silva B.B.}, {Zanin, E.M}, {Decian V.S.}, {Henke-Oliveira C.}, {Budke J.C.}},
	year = {2012},
	month = {},
	date = {},
	journal = {Acta Botanica Brasilica},
	pages = {593--606},
	volume = {26},
	number = {3},
	doi = {10.1590/S0102-33062012000300009},
	url = {https://doi.org/10.1590/S0102-33062012000300009},
	langid = {en}
}

@article{King2006, 
title={The role of wood density and steam support costs in the growth and mortality of tropical trees},
author = {{King D.A.}, {Davies S.J.}, {Tan S.}, {Noor N.S.M.}},
	year = {2006},
	month = {},
	date = {},
	journal = {Journal of Ecology},
	pages = {670--680},
	volume = {94},
	number = {3},
	doi = {10.1111/j.1365-2745.2006.01112.x},
	url = {https://doi.org/10.1111/j.1365-2745.2006.01112.x},
	langid = {en}
}

@article{Poorte2006, 
title={Architecture of 53 rainforest tree species: tatis, trade off and funcitional groups},
author = {{Poorte L.}, {Bongers L.}, {Bongers F.}},
	year = {2006},
	month = {},
	date = {},
	journal = {Ecology},
	pages = {1289--1301},
	volume = {87},
	number = {3},
	doi = {10.1890/0012-9658(2003)084[0602:AORFTS]2.0.CO;2},
	url = {https://doi.org/10.1890/0012-9658(2003)084[0602:AORFTS]2.0.CO;2},
	langid = {en}
}


@article{Denslow1987, 
title={Tropical rainforest gaps and tree species diversity},
author = {{Denslow J.S.}},
	year = {1987},
	month = {},
	date = {},
	journal = {Ann. Rev. Ecol. Sys},
	pages = {431--451},
	volume = {18},
	number = {},
	doi = {10.1146/annurev.es.18.110187.002243},
	url = {https://doi.org/10.1146/annurev.es.18.110187.002243},
	langid = {en}
}

@article{Swaine1988, 
title={On the definition of ecological species groups in tropical rain forests},
author = {{Swaine M.D.}, {Withmore T.C.}},
	year = {1988},
	month = {},
	date = {},
	journal = {Vegetatio},
	pages = {81--86},
	volume = {75},
	number = {},
	doi = {10.1007/BF00044629},
	url = {https://doi.org/10.1007/BF00044629},
	langid = {en}
}

@article{Withmore1989, 
title={Canopy gaps and the two major groups of forest trees},
author = {{Withmore T.C.}},
	year = {1989},
	month = {},
	date = {},
	journal = {Ecology},
	pages = {536--538},
	volume = {70},
	number = {},
	doi = {10.2307/1940195},
	url = { https://doi.org/10.2307/1940195},
	langid = {en}
}

@article{Clark1992, 
title={Life history diversity of canopy and emergent trees in a neotropical rain forest},
author = {{Clark D.A.}, {CLARK D.B.}},
	year = {1992},
	month = {},
	date = {},
	journal = {Ecol.Monogr.},
	pages = {315--344},
	volume = {62},
	number = {},
	doi = {10.2307/2937114},
	url = {https://doi.org/10.2307/2937114},
	langid = {en}
}

@article{Campanello2007, 
title={Tree regeneration and microclimate in a liana and bamboo-dominated semideciduous Atlantic Forest},
author = {{Campanello P.I.}, {Gatti M.G.}, {Ares A.}, {Montti L.}, {Goldstein G.}},
	year = {2007},
	month = {},
	date = {},
	journal = {Forest Ecology and Management},
	pages = {108--117},
	volume = {252},
	number = {},
	doi = {10.1016/j.foreco.2007.06.032},
	url = {https://doi.org/10.1016/j.foreco.2007.06.032},
	langid = {en}
}

@article{Neta2018, 
title={Variações sazonais na ciclagem de nutrientes em uma floresta da Amazônia central},
author = {{Neta E.D.F.B.}, {Nishiwaki E.}},
	year = {2018},
	month = {},
	date = {},
	journal = {Brazilian Applied Science Review},
	pages = {1747--1759},
	volume = {2},
	number = {5},
	doi = {10.34115/basr.v2i5.563},
	url = {https://doi.org/10.34115/basr.v2i5.563},
	langid = {pt}
}

@article{Oliveira2017, 
title={Classificação ecológica de espécies arbóreas por meio da análise da distribuição diamétrica},
author = {{Oliveira L.C.L.Q.}, {Jardim F.}, {Gomes J.}, {Ramos E.}},
	year = {2017},
	month = {},
	date = {},
	journal = {Espacios},
	pages = {3},
	volume = {38},
	number = {42},
	doi = {},
	url = {},
	langid = {pt}
}

@article{Lau2020, 
title={Fitossociologia e aspectos ecológicos da comunidade arbórea do Bosque Rodrigues Alves-Jardim Botânico Amazônia, Belém, Pará, Brasil},
author = {{Lau A.V.}, {Ferreira G. C.}, {Jardim M.A.}},
	year = {2020},
	month = {},
	date = {},
	journal = {Revista Brasileira de Geografia Física},
	pages = {510--526},
	volume = {13},
	number = {2},
	doi = {10.26848/rbgf.v13.2.p510-526},
	url = { https://doi.org/10.26848/rbgf.v13.2.p510-526},
	langid = {pt}
}

@article{Luambua2021, 
title={Spatial patterns of light‐demanding tree species in the Yangambi rainforest (Democratic Republic of Congo)},
author = {{Luambua N.K.}, {Hubau W.}, {Salako K.V.}, {Amani C.}, {Bonyoma B.}, {Musepana D.}, {Rousseau M.}, {Bourland N.}, {Hippolyte S.M.N.}, {Ewango C.}, {Beeckman H.}, {Hardy O.J.}},
	year = {2021},
	month = {},
	date = {},
	journal = {Revista Brasileira de Geografia Física},
	pages = {18691--18707},
	volume = {11},
	number = {24},
	doi = {10.1002/ece3.8443},
	url = {https://doi.org/10.1002/ece3.8443},
	langid = {en}
}


@article{Burmester2022, 
title={Determinação de grupos funcionais para a gestão da conservação de remanescentes da floresta atlântica},
author = {{Burmester L.P.}, {Quandt F.L.}, {Melo Júnior J.C.F.}},
	year = {2022},
	month = {},
	date = {},
	journal = {Revista Estudo & Debate},
	pages = {7--23},
	volume = {29},
	number = {1},
	doi = {10.22410/issn.1983-036X.v29i1a2022.2863},
	url = {ttp://dx.doi.org/10.22410/issn.1983-036X.v29i1a2022.2863},
	langid = {en}
}

@article{Vatraz2018, 
title={A autocorrelação temporal do incremento em diâmetro e as diferenças de crescimento entre grupos de espécies em uma floresta ombrófila densa},
author = {{Vatraz S.}, {Alder D.}, {Silva J.N.M.}},
	year = {2018},
	month = {},
	date = {},
	journal = {Brazilian Journal of Biometrics},
	pages = {56--73},
	volume = {36},
	number = {1},
	doi = {10.28951/rbb.v36i1.118},
	url = {https://doi.org/10.28951/rbb.v36i1.118},
	langid = {pt}
}

@article{Inga2017, 
title={Log-relative growth: A new dendrochronological approach to study diameter growth in Cedrela odorata and Juglans neotropica, Central Forest, Peru},
author = {{Inga J.G.}, {Del Valle, J. I.}},
	year = {2017},
	month = {07},
	date = {},
	journal = {Dendrochronologia},
	pages = {117--129},
	volume = {44},
	number = {},
	doi = {10.1016/j.dendro.2017.03.009},
	url = {https://doi.org/10.1016/j.dendro.2017.03.009},
	langid = {en}
}

@article{Amaral2019, 
title={Dynamics of tropical forest twenty-five years after experimental logging in Central Amazon mature forest},
author = {{Amaral M.R.}, {Lima A.J.}, {Higuchi F.G.}, {Santos J.}, {Higuchi N.}},
	year = {2019},
	month = {},
	date = {},
	journal = {Forests},
	pages = {89},
	volume = {10},
	number = {2},
	doi = {10.3390/f10020089},
	url = {https://doi.org/10.3390/f10020089},
	langid = {en}
}

@article{Worbes2019, 
title={Measures for sustainable forest management in the tropics – A tree-ring based case study on tree growth and forest dynamics in a Central Amazonian lowland moist forest},
author = {{Worbes M.}, {Schöngart J.}},
	year = {2019},
	month = {},
	date = {},
	journal = {Plos One},
	pages = {e0219770},
	volume = {14},
	number = {8},
	doi = {10.1371/journal.pone.0219770},
	url = {https://doi.org/10.1371/journal.pone.0219770},
	langid = {en}
}

@article{Schöngart2015, 
title={Age and growth patterns of Brazil nut trees (Bertholletia excelsa Bonpl.) in Amazonia, Brazil},
author = {{Schöngart J.}, {Gribel R.}, {Fonseca S.F.}, {Haugaasen T.}},
	year = {2015},
	month = {},
	date = {},
	journal = {Biotropica},
	pages = {550--558},
	volume = {47},
	number = {5},
	doi = {10.1111/btp.12243},
	url = {https://doi.org/10.1111/btp.12243},
	langid = {en}
}

@article{Oliveira2020, 
title={Predição do ciclo de corte de espécies arbóreas comerciais por grupos ecológicos em uma floresta na Amazônia brasileira},
author = {{Oliveira L.C.L.Q.}, {Silva J.F.C.}, {Gomes J.M.}},
	year = {2020},
	month = {},
	date = {},
	journal = {Brazilian Journal of Biometrics},
	pages = {18--34},
	volume = {38},
	number = {1},
	doi = {10.28951/rbb.v38i1.412},
	url = {https://doi.org/10.28951/rbb.v38i1.412},
	langid = {pt}
}

@article{Gouveia2011, 
title={Avaliação do crescimento de espécies florestais por grupo ecológico em áreas exploradas na FLONA do Tapajós},
author = {{Gouveia D.}, {Soares M.}, {Silva W.}},
	year = {2020},
	month = {},
	date = {},
	journal = {Encontro Amaz Agrárias III},
	pages = {1--5},
	volume = {},
	number = {},
	doi = {},
	url = {},
	langid = {pt}
}

@dissertation{Pereira2020, 
title={Simulação do crescimento de árvores nativas considerando abordagem multiagentes},
author = {{Pereira R.S.}}, 
	year = {2020},
	pages = {109},
	langid = {pt}
}

@article{Canhoto2018, 
title={Madeira},
author = {{Canhoto J.M.}},
	year = {2018},
	month = {},
	date = {},
	journal = {Revista Ciência Elementar},
	pages = {074},
	volume = {6},
	number = {4},
	doi = {10.24927/rce2018.074},
	url = {http://doi.org/10.24927/rce2018.074},
	langid = {pt}
}

@tesis{Martins2019, 
title={Variáveis ambientais, dinâmica e biomassa em fragmento da floresta ombrófila mista},
author = {{Martins J.P.}}, 
	year = {2019},
	pages = {},
	langid = {pt}
}

@article{Veloso2017, 
title={Estudo da dinâmica e estrutura de floresta explorada para produção madeireira no município de Anapu, PA},
author = {{Veloso L.C.}, {Mendes F.D.S.}, {Freitas L.J.M.}},
	year = {2017},
	month = {},
	date = {},
	journal = {Seminário de Iniciação Científica da Embrapa Amazônia Oriental},
	pages = {},
	volume = {},
	number = {},
	doi = {},
	url = {},
	langid = {pt}
}


@article{SetteJr2010, 
title={Crescimento em diâmetro do tronco das árvores de Eucalyptus grandis W. Hill. ex. Maiden e relação com as variáveis climáticas e fertilização mineral},
author = {{Sette Jr C.R.}, {Tomazello Filho F.D.S.}, {Dias C.T.D.S.}, {Laclau J.P.}},
	year = {2010},
	month = {},
	date = {},
	journal = {Revista Árvore},
	pages = {979-990},
	volume = {34},
	number = {6},
	doi = {10.1590/S0100-67622010000600003},
	url = {https://doi.org/10.1590/S0100-67622010000600003},
	langid = {pt}
}

@article{Conde2022, 
title={Effects of sustainable forest management on tree diversity, timber volumes, and carbon stocks in an ecotone forest in the northern Brazilian Amazon},
author = {{Condé T.M.}, {Tonini H.}, {Higuchi N.}, {Higuchi F.G.}, {Lima A.J.N.}, {Barbosa R.I.}, {Pereira T.S.}, {Haas M.A.}},
	year = {2022},
	month = {08},
	date = {},
	journal = {Land Use Policy},
	pages = {106145},
	volume = {119},
	number = {},
	doi = {10.1016/j.landusepol.2022.106145},
	url = {https://doi.org/10.1016/j.landusepol.2022.106145},
	langid = {en}
}

@article{Santos2018, 
title={Estrutura e dinâmica em uma floresta densa de terra firme, Sudeste do Amapá, Brasil},
author = {{Santos R.O.}, {Soares R.N.}, {Rosário B.C.}, {Lima R.B.}, {Abreu J.C.}},
	year = {2018},
	month = {},
	date = {},
	journal = {Nativa},
	pages = {802--814},
	volume = {6},
	number = {},
	doi = {10.31413/nativa.v6i0.5755},
	url = {https://doi.org/10.31413/nativa.v6i0.5755},
	langid = {pt}
}

@article{Filfili1997, 
title={Diameter and height distributions in a gallery forest tree community and some of its main species in central Brazil over a six-year period (1985-1991)},
author = {{Filfili J.M.}},
	year = {1997},
	month = {},
	date = {},
	journal = {Brazilian Journal of Botany},
	pages = {155--162},
	volume = {20},
	number = {2},
	doi = {10.1590/S0100-84041997000200006},
	url = {https://doi.org/10.1590/S0100-84041997000200006},
	langid = {en}
}


@tesis{Braz2010, 
title={Subsídios para o planejamento de manejo de florestas tropicais da Amazônia},
author = {{Braz E.M.}}, 
	year = {2010},
	pages = {236},
	langid = {pt}
}



@book{Bettinger2009,
  title = {Forest management and planning},
  author = {Bettinger and Pete, Siry and Jacek, Boston and Kevin, Grebner and Donald L.},
  year = {2009},
  month = {},
  series = {},
  publisher = {{Academic Press}},
  abstract = {},
  isbn = {0123743044},
  langid = {english},
  file = {}
}

@book{Dawakins1998,
  title = {Tropical moist forest silviculture and management: a history of success and failure},
  author = {{Dawkins, H.}, {Philip M.S.}},
  year = {1998},
  month = {},
  series = {},
  publisher = {{CAB international}},
  abstract = {},
  isbn = {},
  langid = {english},
  file = {}
}

@tesis{Canetti2019, 
title={Estrutura, dinâmica e manejo sustentável em ecótono de Floresta Amazônica},
author = {{Canetti A.}}, 
	year = {2019},
	pages = {},
	langid = {pt}
}


@article{Putz2004, 
title={Treatments in tropical silviculture},
author = {{Putz F.E.}},
	year = {2004},
	month = {},
	date = {},
	journal = {Encyclopedia of Forest Sciences},
	pages = {1039--1044},
	volume = {},
	number = {},
	doi = {},
	url = {},
	langid = {en}
}

@article{Dickinson2000, 
title={Tree regeration in feeling and natural treefall disturbances in a semideciduous tropical forest in Mexico},
author = {{Dickinson M.B.}, {Whigham D.F.}, {Hermann S.M.}},
	year = {2000},
	month = {09},
	date = {},
	journal = {Forest Ecology and Management},
	pages = {137--151},
	volume = {134},
	number = {},
	doi = {10.1016/S0378-1127(99)00252-2},
	url = {https://doi.org/10.1016/S0378-1127(99)00252-2},
	langid = {en}
}

@tesis{Erdmann2019, 
title={Fatores que influenciam a dinâmica florestal após exploração de madeira na Amazônia brasileira},
author = {{Erdmann A.A.}}, 
	year = {2019},
	pages = {},
	doi = {10.11606/T.11.2019.tde-02092019-095634},
	langid = {pt}
}

@article{DeLiocourt1989, 
title={Manejo de los abetales},
author = {{De Liocourt F.}},
	year = {1989},
	month = {},
	date = {},
	journal = {Revista Mexicana de Ciencias Forestales},
	pages = {15--30},
	volume = {14},
	number = {66},
	doi = {},
	url = {},
	langid = {en}
}

@article{Meyer1952, 
title={Structure, Growth, and Drain in Balanced Uneven-Aged Forests},
author = {{Meyer A.H.}},
	year = {1952},
	month = {02},
	date = {},
	journal = {Journal of Forestry},
	pages = {85--92},
	volume = {50},
	number = {},
	doi = {10.1093/jof/50.2.85},
	url = {https://doi.org/10.1093/jof/50.2.85},
	langid = {en}
}

@article{Cysneiros2017, 
title={Distribuição diamétrica de espécies da Floresta Ombrófila Densa no Sul do Estado do Rio de Janeiro},
author = {{Cysneiros V.C.}, {Amorim A.T.}, {Júnior Medonça J.O.}, {Gaui T.D.}, {Moraes J.C.R.}, {Braz D.M.}, {Machado S.A.}},
	year = {2017},
	month = {05},
	date = {},
	journal = {Pesquisa Florestal Brasileira},
	pages = {1--10},
	volume = {37},
	number = {89},
	doi = {10.4336/2017.pfb.37.89.1070},
	url = {https://doi.org/10.1093/jof/50.2.85},
	langid = {en}
}

@article{Carvalho2009, 
title={Estrutura diamétrica da comunidade e das principais populações arbóreas de um remanescente de Floresta Atlântica Submontana (Silva Jardim-RJ, Brasil)},
author = {{Carvalho F.A.}, {Nascimento M.T.}},
	year = {2009},
	month = {},
	date = {},
	journal = {Revista Árvore},
	pages = {327--337},
	volume = {33},
	number = {},
	doi = {10.1590/S0100-67622009000200014},
	url = {https://doi.org/10.1590/S0100-67622009000200014},
	langid = {pt}
}


@article{Siviero2020, 
title={Manejo de florestas naturais degradadas na Amazônia: estudo de caso sobre critérios de colheita},
author = {{Siviero M.A.}, {Ruschel A.R.}, {Yared J.A.G.}, {Vieira S.B.}, {Sales A.}, {Pereira J.F.}, {Contini K.P.S}},
	year = {2020},
	month = {},
	date = {},
	journal = {Ciência Florestal},
	pages = {43--59},
	volume = {30},
	number = {1},
	doi = {10.5902/1980509825856},
	url = {https://doi.org/10.5902/1980509825856},
	langid = {pt}
}


@chapter{Andrade2022, 
title={Variáveis ecológicas essenciais ao manejo florestal na Amazônia brasileira},
author = {{Andrade C.G.C.}, {Ruschel A.R.}, {Andrade D.F.}, {Gama J.R.V.}},
	year = {2022},
	month = {},
	date = {},
	book = {VARIÁVEIS ECOLÓGICAS ESSENCIAIS AO MANEJO FLORESTAL NA AMAZÔNIA BRASILEIRA},
	publisher = {Editora CRV},
	volume = {},
	number = {},
	doi = {},
	url = {},
	langid = {pt}
}

